@misc{induraj2023variants,
  author = {Induraj},
  title = {Different Variants of Gradient Descent},
  year = {2023},
  howpublished = {\url{https://induraj2020.medium.com/different-variants-of-gradient-descent-6854d3118c4c}},
  note = {Accessed: 2024-12-04}
}

