% This is a BibTeX file. You can get these entries from Google Scholar
% by clicking "Cite" -> "BibTeX".

@article{lippi2016argumentation,
  title={Argumentation mining: State of the art and emerging trends},
  author={Lippi, Marco and Torroni, Paolo},
  journal={ACM Transactions on Internet Technology (TOIT)},
  volume={16},
  number={2},
  pages={1--25},
  year={2016},
  publisher={ACM New York, NY, USA}
}

@inproceedings{mochales2011argumentation,
  title={Argumentation mining},
  author={Mochales, Raquel and Moens, Marie-Francine},
  booktitle={Artificial intelligence and law},
  volume={19},
  pages={1--22},
  year={2011},
  organization={Springer}
}

@article{du2023improving,
  title={Improving factuality and reasoning in language models through multiagent debate},
  author={Du, Yilun and Li, Shuang and Torralba, Antonio and Tenenbaum, Joshua B and Mordatch, Igor},
  journal={arXiv preprint arXiv:2305.14325},
  year={2023}
}
