@book{Boström2017,
  author    = {Nick Boström},
  title     = {Superintelligence: Paths, Dangers, Strategies},
  publisher = {Oxford University Press},
  year      = {2017},
}

@inproceedings{Indyk1998LSH,
  author    = {Piotr Indyk and Rajeev Motwani},
  title     = {Approximate nearest neighbors: Towards removing the curse of dimensionality},
  booktitle = {Proceedings of the 30th Annual ACM Symposium on Theory of Computing},
  pages     = {604--613},
  year      = {1998},
  doi       = {10.1145/276698.276876},
}

@book{Kuhn1962,
  author    = {Thomas S. Kuhn},
  title     = {The Structure of Scientific Revolutions},
  publisher = {University of Chicago Press},
  year      = {1962},
}

@article{Lippi2016ArgMining,
  author    = {Marco Lippi and Paolo Torroni},
  title     = {Argumentation mining: State of the art and emerging trends},
  journal   = {ACM Transactions on Internet Technology},
  volume    = {16},
  number    = {2},
  pages     = {10:1--10:25},
  year      = {2016},
  doi       = {10.1145/2897213},
}

@book{Toulmin2003,
  author    = {Stephen E. Toulmin},
  title     = {The Uses of Argument},
  edition   = {Updated ed.},
  publisher = {Cambridge University Press},
  year      = {2003},
}